% !TEX root = ./robust.tex

@inproceedings{bhatia2017consistent,
  title={Consistent robust regression},
  author={Bhatia, Kush and Jain, Prateek and Kamalaruban, Parameswaran and Kar, Purushottam},
  booktitle={Advances in Neural Information Processing Systems},
  pages={2110--2119},
  year={2017}
}

@article{gao2020robust,
  title={Robust regression via mutivariate regression depth},
  author={Gao, Chao},
  journal={Bernoulli},
  volume={26},
  number={2},
  pages={1139--1170},
  year={2020},
  publisher={Bernoulli Society for Mathematical Statistics and Probability}
}

@article{nguyen2013exact,
  title={Exact Recoverability From Dense Corrupted Observations via $\ell_1$-Minimization},
  author={Nguyen, Nam H and Tran, Trac D},
  journal={IEEE transactions on information theory},
  volume={59},
  number={4},
  pages={2017--2035},
  year={2013},
  publisher={IEEE}
}

@article{nguyen2012robust,
  title={Robust lasso with missing and grossly corrupted observations},
  author={Nguyen, Nam H and Tran, Trac D},
  journal={IEEE transactions on information theory},
  volume={59},
  number={4},
  pages={2036--2058},
  year={2012},
  publisher={IEEE}
}

@article{suggala2019adaptive,
  title={Adaptive hard thresholding for near-optimal consistent robust regression},
  author={Suggala, Arun Sai and Bhatia, Kush and Ravikumar, Pradeep and Jain, Prateek},
  journal={arXiv preprint arXiv:1903.08192},
  year={2019}
}

@article{tsakonas2014convergence,
  title={Convergence of the {H}uber regression M-estimate in the presence of dense outliers},
  author={Tsakonas, Efthymios and Jald{\'e}n, Joakim and Sidiropoulos, Nicholas D and Ottersten, Bj{\"o}rn},
  journal={IEEE Signal Processing Letters},
  volume={21},
  number={10},
  pages={1211--1214},
  year={2014},
  publisher={IEEE}
}

@article{bickel2009simultaneous,
  title={Simultaneous analysis of Lasso and {D}antzig selector},
  author={Bickel, Peter J and Ritov, Ya’acov and Tsybakov, Alexandre B},
  journal={The Annals of statistics},
  volume={37},
  number={4},
  pages={1705--1732},
  year={2009},
  publisher={Institute of Mathematical Statistics}
}

@article{wright2010dense,
  title={Dense Error Correction Via $\ell_1$-Minimization},
  author={Wright, John and Ma, Yi},
  journal={IEEE Transactions on Information Theory},
  volume={56},
  number={7},
  pages={3540--3560},
  year={2010},
  publisher={IEEE}
}

@article{raskutti2011minimax,
  title={Minimax rates of estimation for high-dimensional linear regression over $\ell_q$-balls},
  author={Raskutti, Garvesh and Wainwright, Martin J and Yu, Bin},
  journal={IEEE transactions on information theory},
  volume={57},
  number={10},
  pages={6976--6994},
  year={2011},
  publisher={IEEE}
}

@article{belloni2011square,
  title={Square-root lasso: pivotal recovery of sparse signals via conic programming},
  author={Belloni, Alexandre and Chernozhukov, Victor and Wang, Lie},
  journal={Biometrika},
  volume={98},
  number={4},
  pages={791--806},
  year={2011},
  publisher={Oxford University Press}
}

@article{sun2012scaled,
  title={Scaled sparse linear regression},
  author={Sun, Tingni and Zhang, Cun-Hui},
  journal={Biometrika},
  volume={99},
  number={4},
  pages={879--898},
  year={2012},
  publisher={Oxford University Press}
}

@article{wang2013l1,
  title={The L1 penalized LAD estimator for high dimensional linear regression},
  author={Wang, Lie},
  journal={Journal of Multivariate Analysis},
  volume={120},
  pages={135--151},
  year={2013},
  publisher={Elsevier}
}

@article{belloni2011l1,
  title={$\ell_1$-penalized quantile regression in high-dimensional sparse models},
  author={Belloni, Alexandre and Chernozhukov, Victor},
  journal={The Annals of Statistics},
  volume={39},
  number={1},
  pages={82--130},
  year={2011},
  publisher={Institute of Mathematical Statistics}
}

@article{loh2017statistical,
  title={Statistical consistency and asymptotic normality for high-dimensional robust $ M $-estimators},
  author={Loh, Po-Ling},
  journal={The Annals of Statistics},
  volume={45},
  number={2},
  pages={866--896},
  year={2017},
  publisher={Institute of Mathematical Statistics}
}

@article{sun2020adaptive,
  title={Adaptive {H}uber regression},
  author={Sun, Qiang and Zhou, Wen-Xin and Fan, Jianqing},
  journal={Journal of the American Statistical Association},
  volume={115},
  number={529},
  pages={254--265},
  year={2020},
  publisher={Taylor \& Francis}
}

@article{chen2013robust,
  title={Robust high dimensional sparse regression and matching pursuit},
  author={Chen, Yudong and Caramanis, Constantine and Mannor, Shie},
  journal={arXiv preprint arXiv:1301.2725},
  year={2013}
}

@book{ledoux2013probability,
  title={Probability in Banach Spaces: isoperimetry and processes},
  author={Ledoux, Michel and Talagrand, Michel},
  year={2013},
  publisher={Springer Science \& Business Media}
}

@book{wellner2013weak,
  title={Weak Convergence and Empirical Processes: With Applications to Statistics},
  author={Wellner, Jon and van der Vaart, Aad},
  year={2013},
  publisher={Springer Science \& Business Media}
}

@article{chen2018robust,
  title={Robust covariance and scatter matrix estimation under {H}uber’s contamination model},
  author={Chen, Mengjie and Gao, Chao and Ren, Zhao},
  journal={The Annals of Statistics},
  volume={46},
  number={5},
  pages={1932--1960},
  year={2018},
  publisher={Institute of Mathematical Statistics}
}

@inproceedings{jain2014iterative,
  title={On iterative hard thresholding methods for high-dimensional m-estimation},
  author={Jain, Prateek and Tewari, Ambuj and Kar, Purushottam},
  booktitle={Advances in Neural Information Processing Systems},
  pages={685--693},
  year={2014}
}

@inproceedings{balakrishnan2017computationally,
  title={Computationally efficient robust sparse estimation in high dimensions},
  author={Balakrishnan, Sivaraman and Du, Simon S and Li, Jerry and Singh, Aarti},
  booktitle={Conference on Learning Theory},
  pages={169--212},
  year={2017}
}

@inproceedings{dalalyan2019outlier,
  title={Outlier-robust estimation of a sparse linear model using $\ell_1$-penalized {H}uber's $ M $-estimator},
  author={Dalalyan, Arnak and Thompson, Philip},
  booktitle={Advances in Neural Information Processing Systems},
  pages={13188--13198},
  year={2019}
}

@inproceedings{liu2020high,
  title={High dimensional robust sparse regression},
  author={Liu, Liu and Shen, Yanyao and Li, Tianyang and Caramanis, Constantine},
  booktitle={International Conference on Artificial Intelligence and Statistics},
  pages={411--421},
  year={2020}
}

@article{gao2020model,
  title={Model Repair: Robust Recovery of Over-Parameterized Statistical Models},
  author={Gao, Chao and Lafferty, John},
  journal={arXiv preprint arXiv:2005.09912},
  year={2020}
}

@inproceedings{diakonikolas2019efficient,
  title={Efficient algorithms and lower bounds for robust linear regression},
  author={Diakonikolas, Ilias and Kong, Weihao and Stewart, Alistair},
  booktitle={Proceedings of the Thirtieth Annual ACM-SIAM Symposium on Discrete Algorithms},
  pages={2745--2754},
  year={2019},
  organization={SIAM}
}
